@inproceedings{Salmon_Strozecki10,
        AUTHOR = "J. Salmon and Y. Strozecki",
        TITLE = "From Patches to Pixels in Non-Local methods: Weighted-Average Reprojection",
        BOOKTITLE = ICIP10,
        YEAR = "2010",

	}
