@Article{AriasCastro_Salmon_Willett12,
  Title         = {Oracle inequalities and minimax rates for non-local means            and related adaptive kernel-based methods},
  Author        = {Arias-Castro, E. and Salmon, J. and Willett, R.},
  Journal       = {SIAM J. Imaging Sci.},
  Year          = {2012},
  Number        = {3},
  Pages         = {944-992},
  Volume        = {5},
  pdf           = {http://josephsalmon.eu/papers/MinimaxNLM_ACSW.pdf}
}

@Article{Bekhti_Lucka_Salmon_Gramfort18,
   author = {Bekhti, Y.  and  Lucka, F. and Salmon, J. and Gramfort, A.},
    title = "{A hierarchical Bayesian perspective on majorization-minimization for non-convex sparse regression: application to {M/EEG} source imaging}",
     year = 2018,
     journal={Inverse Problems},
      pdf = {https://arxiv.org/abs/1710.08747},
}


@Article{Bellec_Salmon_Vaiter17,
   author = {Bellec, P. C.  and Salmon, J. and Vaiter, S.},
    title = "{A sharp oracle inequality for {Graph-Slope}}",
  journal = {Electron. J. Statist.},
  number  = "2",
  pages   = "4851--4870",
  volume  = "11",
  year    = "2017",
  pdf  = {https://arxiv.org/pdf/1706.06977.pdf},
  }


  @Article{Boyer_deCastro_Salmon17,
  Title         = {Adapting to unknown noise level in sparse deconvolution},
  Author        = {Boyer, C. and De Castro, Y. and Salmon, J.},
  Year          = {2017},
  Journal       = {Information and Inference},
  volume        = {6},
  number        = {3},
  pages         = {310-348},
  pdf           = {http://arxiv.org/pdf/1606.04760v1},
  Comment       = {<a href="http://www.math.univ-toulouse.fr/~cboyer/codes/html_CBlasso_vs_Blasso/script_example1_CBlasso_vs_Blasso.html">
                    [Demo Code]</a> | <a href="http://www.math.univ-toulouse.fr/~cboyer/codes/code_source_CBLasso.zip" >[ZIP]</a> | },
}


@Article{Chetelat_Lederer_Salmon14,
  Title         = {Optimal two-step prediction in regression},
  Author        = {Chételat, D.  and Lederer, J. and Salmon, J.},
  journal       = "Electron. J. Statist.",
  number        = "1",
  pages         = "2519--2546",
  volume        = "11",
  year          = "2017",
  Comment       = {<a href="https://github.com/josephsalmon/AVp">
                    [Python Code]</a> |},
  pdf           = {http://arxiv.org/pdf/1410.5014.pdf}
}

@InProceedings{Chevalier_Salmon_Thirion18,
  TITLE = {{Statistical Inference with Ensemble of Clustered Desparsified Lasso}},
  AUTHOR = {Chevalier, J.-A. and Salmon, J. and Thirion, B.},
  BOOKTITLE = {MICCAI},
  YEAR = {2018},
  pdf={https://arxiv.org/pdf/1806.05829.pdf}
  }



@TechReport{Chzhen_Denis_Hebiri_Salmon17,
   author = {Chzhen, E.  and Denis, C. and Hebiri, M. and Salmon, J.},
    title = "{On the benefits of output sparsity for multi-label classification}",
     year = {2017},
     pdf  = {https://arxiv.org/pdf/1703.04697.pdf},
}

@article{Chzhen_Hebiri_Salmon17,
   author = {Chzhen, E.  and Hebiri, M. and Salmon, J.},
    title = {On Lasso refitting strategies},
     year = {2018},
  journal = "Bernouilli (under revision)",
    pdf   = {https://arxiv.org/pdf/1707.05232.pdf}
}

@InProceedings{Colin_Bellet_Salmon_Clemencon15,
  Title         = {Extending Gossip Algorithms to Distributed Estimation of {U-Statistics}},
  Author        = {Colin, I. and Bellet, A. and Salmon, J. and Clémençon, S.},
  Year          = {2015},
  pages         = {271-279},
  booktitle     = {NIPS},
  pdf           = {http://arxiv.org/pdf/1511.05464v1.pdf},
   Comment  = {<a href="https://github.com/igorcolin/gosta" >[Code]</a> |},
}


@InProceedings{Colin_Bellet_Salmon_Clemencon16,
  Title         = {Gossip Dual Averaging for Decentralized Optimization of Pairwise Functions},
  Author        = {Colin, I. and Bellet, A. and Salmon, J. and Clémençon, S.},
  Year          = {2016},
  pages         = {1388-1396},
  booktitle     = {ICML},
  pdf           = {http://arxiv.org/pdf/1606.02421v1.pdf},

}

@InProceedings{Colin_Bellet_Salmon_Clemencon16b,
  Title         = {Un algorithme de Gossip pour l'optimisation décentralisée de fonctions sur les paires},
  Author        = {Colin, I. and Bellet, A. and Salmon, J. and Clémençon, S.},
  Year          = {2016},
  booktitle     = {CAP},
  pdf           = {https://cap16.lif.univ-mrs.fr/programme.php},
}



@InProceedings{Dalalyan_Hebiri_Meziani_Salmon13,
  Title         = {Learning Heteroscedastic Models by Convex Programming under Group Sparsity},
  Author        = {Dalalyan, A. S.  and Hebiri, M. and Meziani, K. and Salmon, J.},
  Booktitle     = {ICML},
  Year          = {2013},
  pages         = {379-387},
  pdf           = {http://josephsalmon.eu/papers/ICML13_DHMS.pdf}
}


@Article{Dalalyan_Salmon12,
  Title         = {Sharp Oracle Inequalities for Aggregation of Affine Estimators},
  Author        = {Dalalyan, A. S.  and Salmon, J.},
  Journal       = {Ann. Statist.},
  Year          = {2012},
  Number        = {4},
  Pages         = {2327-2355},
  Volume        = {40},
  Comment       = {<a href="code/index_codes.php?page=EWA" >[Demo Matlab] </a> | <a href="code/demos/EWA_code.zip" >[ZIP]</a> | },
  pdf           = {http://josephsalmon.eu/papers/Dalalyan_Salmon_AOS.pdf}
}



@InProceedings{Dalalyan_Salmon11,
  Title         = {Competing against the best nearest neighbor filter in regression},
  Author        = {Dalalyan, A. S. and Salmon, J.},
  Booktitle     = {ALT},
  Year          = {2011},
  Pages         = {129-143},
  pdf           = {http://josephsalmon.eu/papers/ALT11_Dalalyan_Salmon.pdf}
}


@Article{Deledalle_Duval_Salmon12,
  Title         = {Non-local Methods with Shape-Adaptive Patches ({NLM-SAP})},
  Author        = {Deledalle, C.-A. and Duval, V. and Salmon, J.},
  Journal       = {J. Math. Imaging Vis.},
  Year          = {2012},
  Number        = {2},
  Pages         = {103-120},
  Volume        = {43},
  pdf           = {http://josephsalmon.eu/papers/JMIV11_NLMSAP.pdf},
  Comment       = {<a href="code/index_codes.php?page=NLMSAP" > [Demo Matlab]
                    </a>| <a href="code/demos/NLMSAP_code.zip" >[ZIP]</a> |},
}

@InProceedings{Deledalle_Duval_Salmon11,
  Title         = {Anisotropic Non-Local Means with Spatially Adaptive Shapes},
  Author        = {Deledalle, C.-A. and Duval, V. and Salmon, J.},
  Booktitle     = {SSVM},
  Year          = {2011},
  pages         = {129-141},
  pdf           = {http://josephsalmon.eu/papers/SSVM11_NLMSAP.pdf},
  Comment       = {<a href="code/index_codes.php?page=NLMSAP" >[Demo Matlab]
                    </a> | <a href="code/demos/NLMSAP_code.zip" >[ZIP]</a> | },
}


@InProceedings{Deledalle_Papadakis_Salmon15,
  Title         = {On debiasing restoration algorithms: applications to total-variation and nonlocal-means},
  Author        = {Deledalle, C.-A. and Papadakis, N. and Salmon, J.},
  Booktitle     = {SSVM},
  Year          = {2015},
  pages         = {129-141},
  Keywords      = {restoration; bias; debiasing; l1 regularization;
                   model subspace; refitting},
  pdf  = {https://hal.archives-ouvertes.fr/hal-01123542/document}
}


@InProceedings{Deledalle_Papadakis_Salmon15b,
  Title         = {Contrast re-enhancement of Total-Variation regularization
                    jointly with the Douglas-Rachford iterations},
  Author        = {Deledalle, C.-A. and Papadakis, N. and Salmon, J.},
  Booktitle     = {SPARS},
  Year          = {2015},
  pdf={https://hal.archives-ouvertes.fr/hal-01187061/document}
  }


@article{Deledalle_Papadakis_Salmon_Vaiter16,
  author        = {Deledalle, C.-A. and Papadakis, N. and Salmon, J. and Vaiter, S.
  },
  title         = "{CLEAR: Covariant LEAst-square Re-fitting with applications to image restoration}",
  year          = {2017},
  volume        = {10},
  number        = {1},
  pages         = {243-284},
  journal       = {SIAM J. Imaging Sci.},
  pdf           = {http://josephsalmon.eu/papers/CLEAR.pdf},
 }


@InProceedings{Deledalle_Papadakis_Salmon_Vaiter17b,
   author       = {Deledalle, C.-A. and Papadakis, N. and Salmon, J. and Vaiter, S.},
    title       = "Characterizing the maximum parameter of the total-variation denoising through the pseudo-inverse of the divergence",
   year         = {2017},
   booktitle      = {SPARS},
   pdf          = {https://arxiv.org/pdf/1612.03080.pdf},
 }


@InProceedings{Fadili_Peyre_Vaiter_Deledalle_Salmon13,
  Title         = {Stable Recovery with Analysis Decomposable Priors},
  Author        = {Fadili, J. and Peyré, G. and Vaiter, S. and Deledalle, C.-A. and Salmon, J.},
  Booktitle     = {SPARS},
  Year          = {2013},
  pdf           = {http://josephsalmon.eu/papers/SPARS13_FPVDS.pdf}
}




@InProceedings{Deledalle_Salmon_Dalalyan11,
  Title         = {Image denoising with patch based PCA: local versus global},
  Author        = {Deledalle, C.-A. and Salmon, J. and Dalalyan, A. S.},
  Booktitle     = {BMVC},
  Year          = {2011},
  pages         = {1-10},
  pdf           = {http://josephsalmon.eu/papers/BMVC11_DSD.pdf},
  Comment       = {<a href="code/index_codes.php?page=GPPCA"> [Demo Matlab]
                  </a> | <a href="code/demos/GP-PCA_code.zip"> [ZIP] </a> | },
}


@InProceedings{Fadili_Peyre_Vaiter_Deledalle_Salmon13b,
  Title         = {Stable Recovery with Analysis Decomposable Priors},
  Author        = {Fadili, J. and Peyré, G. and Vaiter, S. and Deledalle, C.-A. and Salmon, J.},
  Booktitle     = {SampTA},
  Year          = {2013},
  pdf           = {http://josephsalmon.eu/papers/SampTA13_FPVDS.pdf}
}



@InProceedings{Fadili_Peyre_Vaiter_Deledalle_Salmon13c,
  Title         = {Reconstruction Stable par Régularisation Décomposable Analyse},
  Author        = {Fadili, J. and Peyré, G. and Vaiter, S. and Deledalle, C.-A. and Salmon, J.},
  Booktitle     = {GRETSI},
  Year          = {2013},
  pdf           = {https://hal.archives-ouvertes.fr/hal-00927561/document},
}


@InProceedings{Fercoq_Gramfort_Salmon15,
  Title         = {Mind the duality gap: safer rules for the Lasso},
  Author        = {Fercoq, O. and Gramfort, A. and Salmon, J.},
  Booktitle     = {ICML},
  pages         = {333-342},
  Year          = {2015},
  pdf           = {http://arxiv.org/pdf/1505.03410v1},
}



@InProceedings{Fercoq_Gramfort_Salmon15b,
  Title         = {Règles de sélection de variables pour accélerer la localisation de sources en MEG et EEG sous contrainte de parcimonie},
  Author        = {Fercoq, O. and Gramfort, A. and Salmon, J.},
  Booktitle     = {GRETSI},
  Year          = {2015},
  pdf           = {http://josephsalmon.eu/papers/gretsi2015.pdf},
}


@article{Gunther_Salmon_Tierny14,
  Title         = {Mandatory Critical Points of 2D Uncertain Scalar Fields},
  Author        = {Günther, D. and Salmon, J. and Tierny, J.},
  journal   = {Comput. Graph. Forum},
  volume    = {33},
  number    = {3},
  pages     = {31--40},
  year      = {2014},
  Comment       = {<a href="http://perso.telecom-paristech.fr/~tierny/stuff/videos/eurovis14_video.mov" > [video] </a> | },
  pdf           = {http://josephsalmon.eu/papers/eurovis14.pdf}
}


@article{Klopp_Lafond_Moulines_Salmon15,
  Title         = {Adaptive Multinomial Matrix Completion},
  Author        = {Klopp, O.  and Lafond, J. and Moulines, E. and Salmon, J.},
   journal      = {Electron. J. Statist.},
  fjournal      = {Electronic Journal of Statistics},
      year      = {2015},
    volume      = {9},
    number      = {2},
     pages      = {2950-2975},
    pdf         = {http://arxiv.org/pdf/1408.6218v1.pdf},
}


@InProceedings{Lafond_Klopp_Moulines_Salmon14,
  Title         = {Probabilistic Low-rank Matrix Completion on Finite Alphabet},
  Author        = {Lafond, J.  and Klopp, O. and Moulines, E. and Salmon, J.},
  Booktitle     = {NIPS},
  Year          = {2014},
  pages         = {1727-1735},
  Comment       = {<a href="http://perso.telecom-paristech.fr/~lafond/downloads/code.tar.gz" >[ZIP]</a> |},
  pdf           = {http://josephsalmon.eu/papers/nips_full14.pdf}
}

@InProceedings{Massias_Gramfort_Salmon17,
  author    = {Massias, M. and Gramfort, A. and Salmon, J.},
  title     = {Gap safe screening rules for faster complex-valued multi-task group Lasso},
  booktitle = {SPARS},
  year      = {2017},
  Url       = {http://josephsalmon.eu/papers/SPARS2017_Paper_mathurin.pdf}
}


@InProceedings{Massias_Gramfort_Salmon18,
   author = {Massias, M. and Gramfort, A. and Salmon, J.},
    title = "{Dual Extrapolation for Faster Lasso Solvers}",
booktitle = "ICML",
     year = 2018,
  Comment = {<a href="https://mathurinm.github.io/celer/">
                    [Python Code]</a> |},
pdf       = {https://arxiv.org/abs/1802.07481}
}
